<record><leader>00000cas a22000007a 4500</leader><controlfield tag="001">17559216</controlfield><controlfield tag="008">880301d18801884ohuwr ne      0    0eng d</controlfield><datafield ind1=" " ind2=" " tag="010"><subfield code="a">sn 88077253 </subfield></datafield><datafield ind1=" " ind2=" " tag="040"><subfield code="a">ONP</subfield><subfield code="b">eng</subfield><subfield code="c">ONP</subfield><subfield code="d">OCLCQ</subfield></datafield><datafield ind1=" " ind2=" " tag="042"><subfield code="a">msc</subfield></datafield><datafield ind1="0" ind2="0" tag="245"><subfield code="a">Camden weekly gazette.</subfield></datafield><datafield ind1="3" ind2="0" tag="246"><subfield code="a">Camden gazette</subfield></datafield><datafield ind1=" " ind2=" " tag="260"><subfield code="a">Camden, Ohio :</subfield><subfield code="b">E.M. &amp; L.E. Kennedy,</subfield><subfield code="c">1880-</subfield></datafield><datafield ind1=" " ind2=" " tag="310"><subfield code="a">Weekly</subfield></datafield><datafield ind1="0" ind2=" " tag="362"><subfield code="a">Vol. 1, no. 1 (Jan. 15, 1880)-</subfield></datafield><datafield ind1="1" ind2=" " tag="362"><subfield code="a">Ceased in 1884.</subfield></datafield><datafield ind1=" " ind2=" " tag="500"><subfield code="a">Published as: Camden gazette, &lt;1881-1883&gt;.</subfield></datafield><datafield ind1=" " ind2=" " tag="752"><subfield code="a">United States</subfield><subfield code="b">Ohio</subfield><subfield code="c">Preble</subfield><subfield code="d">Camden.</subfield></datafield><datafield ind1="0" ind2="0" tag="785"><subfield code="t">Camden gazette (Camden, Ohio : 1884)</subfield><subfield code="w">(DLC)sn 88077254</subfield></datafield></record>